@article{kurth_GRL_97,
author = {Kurth, William S and Gurnett, DA and Roux, A and Bolton, SJ},
title = {{Ganymede: A new radio source}},
journal = {Geophys. Res. Lett.},
year = {1997},
volume = {24},
number = {17},
pages = {2167--2170}
}

@article{Connerney:2018jx,
author = {Connerney, J E P and Kotsiaros, S and Oliversen, R J and Espley, J R and Joergensen, J L and Joergensen, P S and Merayo, J M G and Herceg, M and Bloxham, J and Moore, K M and Bolton, S J and Levin, S M},
title = {{A New Model of Jupiter's Magnetic Field From Juno's First Nine Orbits}},
journal = {Geophys. Res. Lett.},
year = {2018},
volume = {45},
number = {6},
pages = {2590--2596},
month = mar
}

@article{gurnett_SSR_92,
author = {Gurnett, DA and Kurth, William S and Shaw, RR and Roux, A and Gendrin, R and Kennel, CF and Scarf, FL and Shawhan, SD},
title = {{The Galileo plasma wave investigation}},
journal = {Space Sci. Rev.},
year = {1992},
volume = {60},
pages = {341--355}
}

@article{Louis_AA_2019,
author = {{Louis, C K, and Hess, S L G and Cecconi, B and Zarka, P and Lamy, L and Aicardi, S and Loh, A}},
title = {{ExPRES: an Exoplanetary and Planetary Radio Emissions Simulator}}, 
journal = {{Astron. Astrophys.}}, 
year = 2019, 
volume = {accepted},
doi = {{10.1051/0004-6361/201935161}}
}

@article{Grodent:2015eo,
author = {Grodent, Denis},
title = {{A Brief Review of Ultraviolet Auroral Emissions on Giant Planets}},
journal = {Space Sci. Rev.},
year = {2015},
volume = {187},
pages = {23--50},
month = apr
}

@article{Louarn:2017bc,
author = {Louarn, P and Allegrini, F and McComas, D J and Valek, P W and Kurth, W S and Andr{\'e}, N and Bagenal, F and Bolton, S and Connerney, J and Ebert, R W and Imai, M and Levin, S and Szalay, J R and Weidner, S and Wilson, R J and Zink, J L},
title = {{Generation of the Jovian hectometric radiation: First lessons from Juno}},
journal = {Geophys. Res. Lett.},
year = {2017},
volume = {44},
number = {10},
pages = {4439--4446},
month = may
}

